2144 2816
931 85 1231 134 3—-4—

104 222 159 269 lo
206 220 417 270 duriora
462 227 585 269 sunt
625 220 868 271 πτίττειν
911 221 1123 269 Lucian.
1156 217 1395 270 Hermot.
1441 220 1486 287 ξ.
1526 223 1603 273 79.
1650 222 1915 275 πτώττειν
1956 226 2057 275 Ae-

105 288 232 335 lian.
267 288 328 335 Il.
359 288 458 336 An.
492 282 611 336 VII.
649 291 728 337 19.
771 287 1214 350 διαπτυττόμενα
1249 289 1397 338 Plato
1414 289 1585 353 Legg.
1622 291 1715 343 IX.
1751 296 1863 340 858.
1889 292 1957 352 E
1992 292 2057 340 de

104 354 172 400 iis
205 355 349 402 nihil„
374 355 687 402 nominatim
735 363 939 401 cautum
976 354 1207 416 reperi03
1273 370 1444 418 neque
1488 365 1666 404 tamen
1709 354 2058 421 praetermitti

106 419 279 479 debet,
302 419 524 469 Aeliano
559 435 655 484 pro
691 420 956 469 πταίττειν
992 435 1021 467 e
1059 418 1206 468 codd
1227 423 1658 501 restituta-messe
1687 422 1976 483 πτωσσειν,
1998 426 2056 473 in

104 487 340 534 Platonis
376 496 548 534 autem
571 496 622 533 et
644 488 860 534 Luciani
880 488 994 535 loco
1030 487 1193 534 libros
1211 488 1343 535 mire
1353 491 1583 549 variare,
1619 498 1773 553 atque
1794 491 1927 538 hos
1911 505 2055 554 lpsos

105 554 385 616 scriptores
404 555 492 617 qui
516 551 734 617 πράττω
758 562 810 601 et
827 552 1004 602 τάττω
1027 552 1299 612 dixerunt,
1333 562 1509 603 tamen
1527 555 1737 604 πτίσσω
1761 564 1812 604 et
1833 558 2054 605 πτύσσω

103 621 438 683 praetulisse3
506 629 774 683 postremo
804 622 952 669 sicut
994 619 1133 682 apud
1176 620 1448 669 Platonem
1492 622 1624 671 Edd.
1669 624 2054 671 vetustissimae

104 684 532 749 διαπτυττόμενα
565 687 840 745 exhibent,
910 688 988 735 ita
1021 685 1280 736 πτυκτίον
1325 695 1378 735 et
1419 687 1638 742 πτυκτίς
1672 688 1906 737 emollita
1940 701 2054 736 esse

102 764 281 813 demta
307 766 486 813 littera
519 784 577 823 τ,
646 773 756 813 tum
793 764 862 812 ad
896 763 1183 812 cedendum
1218 771 1329 813 tum
1367 764 1435 813 ad
1469 765 1844 814 succedendum
1879 779 2053 828 prom·
2049 776 2061 785 s

40 858 46 863 -
102 832 322 880 tissima.
389 831 583 880 Anecd.
625 847 676 894 p.
710 834 827 879 445.
875 829 1072 894 ἄρκτον
1110 825 1237 892 οὐχὶ
1272 831 1456 896 ἄρκον,
1490 831 1588 882 τὸν
1620 832 1828 895 μέντοι
1846 831 2053 894 ἄνεμον

105 907 236 956 ἄνευ
284 911 384 956 τοῦ
418 925 474 966 τ,
521 907 617 955 διο)
652 906 715 955 τὸ
752 906 1035 970 εὔφωνον,
1076 904 1172 954 καὶ
1203 905 1304 969 τήν
1339 906 1513 971 πνοήν
1550 907 1741 973 ἄρκιον
1772 907 1921 958 scrib.
1958 907 2053 973 ἄρ-

101 991 252 1023 κειον
297 976 385 1038 (²)
431 975 576 1036 cujus
619 974 934 1022 discriminis
976 973 1236 1021 rationem
1283 974 1372 1037 qui
1413 975 1697 1037 intelligat,
1767 974 2051 1024 admodum

99 1050 249 1090 acute
285 1041 465 1089 audire
494 1049 715 1105 oportet.
781 1039 888 1088 Sed
920 1055 1090 1103 neque
1125 1047 1318 1087 certum
1357 1048 1435 1088 est
1476 1056 1669 1089 nomen
1712 1042 1857 1090 ferae
1899 1048 1950 1089 et
1984 1042 2053 1092 si-

102 1108 240 1155 deris
278 1109 505 1156 borealis
534 1106 976 1170 unumvidemquc
1012 1121 1149 1163 esse,
1184 1120 1355 1169 neque
1389 1121 1594 1166 verum,
1629 1121 1802 1156 ursam
1838 1107 1902 1155 ab
1939 1121 2050 1155 om·

99 1174 255 1228 nibus
288 1174 502 1236 ἄρκτον,
536 1182 753 1222 ventum
791 1171 1067 1237 απαρκίαν
1103 1171 1221 1231 dici,
1255 1173 1390 1220 ratio
1426 1181 1598 1223 autem
1636 1189 1724 1222 cur
1744 1173 1897 1221 litera
1924 1173 2050 1222 den·

98 1242 219 1289 talis
254 1242 463 1304 utrique
497 1242 703 1288 nomini
737 1239 896 1288 modo
933 1239 1113 1288 addita
1145 1238 1304 1287 modo
1341 1239 1572 1289 detracta
1605 1242 1699 1299 sit,
1741 1254 1849 1288 non
1882 1241 2050 1303 magis

98 1307 253 1355 reddi
284 1316 459 1371 potest
495 1322 650 1370 quam
694 1308 751 1356 in
787 1307 1046 1355 similibus
1092 1303 1331 1365 πτύσσω,
1368 1305 1496 1365 πύξ,
1548 1305 1758 1373 πυγμὴ,
1811 1305 2049 1366 nmmos,

100 1372 306 1432 πύελος,
344 1373 569 1454 πτέρνα,
601 1373 766 1438 πέρνη
804 1373 975 1436 (Hes.)
1001 1390 1192 1453 perna,
1228 1371 1394 1430 πτύω,
1430 1374 1663 1433 πυτίζω,
1699 1391 1850 1438 spuo,
1880 1379 2050 1438 pitys-

97 1459 185 1499 so,
209 1445 443 1505 pituita,
473 1438 710 1498 πτίσσω,
749 1442 910 1493 πῖσος
943 1442 1040 1503 (³),
1091 1438 1348 1503 πίτυρον,
1373 1444 1523 1505 piso,
1564 1444 1738 1505 pisum
1772 1441 1883 1488 sive
1905 1444 2049 1506 pisa,

99 1504 366 1570 πτόρθος,
411 1506 621 1570 πόρθος
655 1505 830 1569 (Hes.)
865 1507 969 1553 nisi
1002 1505 1140 1568 quod
1178 1514 1380 1553 constat
1412 1508 1612 1555 nullum
1641 1508 1864 1554 latinum
1895 1521 2050 1555 voca-

99 1574 284 1621 bulum
320 1575 497 1621 literas
522 1581 594 1637 pt
628 1572 821 1620 habere
849 1572 1109 1629 initialeS,
1151 1570 1244 1618 sed
1273 1586 1432 1634 quare
1464 1571 1627 1620 iidem
1663 1586 1868 1635 semper
1901 1571 2048 1620 dixe

86 1641 208 1689 ‘rint
240 1641 413 1698 ultus,
446 1641 654 1702 fultus,
688 1641 950 1702 refertus,
994 1653 1103 1685 non
1138 1647 1345 1700 semper
1367 1640 1563 1697 multa,
1600 1647 1779 1696 artus,
1828 1637 2048 1700 perinde

97 1708 352 1767 ignotum.
420 1705 539 1752 Jam
574 1706 667 1751 illa
710 1713 1030 1766 quantopere
1074 1717 1106 1748 a
1144 1705 1339 1749 nostris
1382 1705 1592 1751 auribus
1635 1704 1917 1752 abhorrent
1959 1706 2048 1758 ξυ-
2092 1738 2096 1742 -

98 1771 335 1832 ζεύξειεν
370 1771 620 1819 Themist.
659 1769 745 1817 Or.
780 1769 949 1819 XXII.
985 1771 1099 1815 275.
1118 1766 1183 1815 D.
1220 1766 1564 1824 ἓπισυξεύξας
1585 1767 1752 1817 Galen
1778 1770 1835 1817 Τ.
1853 1768 2047 1817 XVIII.

97 1841 153 1887 P.
190 1839 231 1886 Ι.
266 1841 377 1886 741.
424 1837 480 1893 ἐξ
513 1837 569 1892 ἕξ
601 1837 731 1886 Plat.
761 1837 896 1884 Tim.
937 1849 987 1897 p.
1030 1837 1110 1881 54.
1150 1832 1364 1882 Aristot.
1404 1834 1475 1882 H.
1504 1834 1603 1883 An.
1639 1835 1733 1882 111.
1773 1839 1815 1882 7.
1853 1839 1897 1882 2.
1933 1834 2047 1890 ἐξο-

101 1908 322 1963 ξύνεται
355 1904 616 1968 Theophr.
655 1901 804 1952 Caus.
841 1903 917 1952 Pl.
952 1900 1039 1949 VI.
1079 1905 1123 1948 7.
1153 1902 1200 1948 6.
1241 1900 1500 1958 ἐξαξεσθε
1534 1901 1788 1980 Plutarch.
1812 1900 1891 1980 *de
1924 1901 2044 1952 Fac.

151 2127 195 2182 2)
218 2125 309 2175 Qui
328 2135 574 2180 sequuntur
595 2139 752 2169 versus
777 2123 873 2167 Και
891 2139 954 2178 μη
941 2122 983 2165 ν
1003 2120 1196 2174 πελάζει
1217 2120 1297 2163 καὶ
1318 2120 1590 2189 καταψύχει
1610 2120 1730 2190 πνοή
1750 2123 1941 2190 Αρκιος,
1962 2136 2044 2165 ex-

236 2183 305 2223 itu
325 2191 502 2235 carent,
523 2183 602 2224 sed
620 2183 743 2224 addit
761 2179 1024 2223 Eustathius
1043 2194 1086 2233 p.
1109 2181 1232 2220 1106.
1253 2178 1322 2218 17.
1343 2173 1504 2229 ἄρκιος
1535 2173 1598 2225 ὥς
1625 2175 1868 2230 ναύτῃσιν
1875 2173 2044 2218 ἀσκεύ-

151 2290 195 2345 3)
218 2236 607 2359 ἕιιιςειιιιὶῖλῗνὲω,
629 2291 670 2332 3.
693 2287 807 2340 ἴσως
828 2287 926 2334 ἀπὸ
950 2290 1035 2333 τοῦ
1057 2286 1273 2332 πτίσσειν
1295 2282 1472 2340 γίνεται
1493 2283 1572 2329 καὶ
1592 2279 1735 2328 divor
1755 2282 1806 2327 τὸ
1830 2280 2043 2340 ὅσπριοι,

235 2346 261 2390 ὃ
283 2361 363 2389 και
385 2351 555 2395 πίσσος
574 2346 772 2399 λέγεται.

2128 288 2144 439 ³
