2144 2816
914 110 1081 166 -J
1151 130 1220 147 ..-

82 259 165 306 his
202 218 431 320 quoque,
487 252 533 299 si
563 248 835 300 commode
864 236 983 320 fieri
1015 248 1211 310 potuit,
1261 245 1471 294 brevior
1494 246 1677 324 ‘fug-rga
1706 242 1916 293 reddita
1950 250 2030 290 est

81 334 338 399 primitivi
381 330 570 379 similis
614 329 788 388 Etym.
823 325 894 374 Μ.
933 341 985 388 p.
1016 327 1141 382 426,
1189 326 1276 372 38.
1321 322 1388 372 τὰ
1432 323 1507 378 εἷς
1552 343 1638 377 ευς
1680 321 1915 388 λήγοντα
1960 320 2025 371 οὐ

43 400 310 463 ·’θέλουσι
351 393 646 461 διφθόγγω
690 389 1238 465 παραλήγεσθαι-αἲς
1283 388 1770 450 ἐπιτοπλεῖστον,-»
1780 386 1949 453 χωρὶς
1979 387 2029 436 εἰ

80 477 154 542 μὴ
203 474 307 524 α’πὸ
352 470 709 545 πρωτοτύπου
755 473 933 531 σχῶσι
972 465 1073 529 τὴν
1120 481 1194 514 ει·
1262 465 1599 529 Πρόσκειται
1657 467 1739 521 αῖς
1801 467 2029 514 ἐπιτο-

0 552 2 554 ’
83 562 121 594 π
134 547 160 592 λ
176 560 200 592 ε
214 545 325 590 ἴστ
338 556 367 587 ο
382 555 443 596 ν,
479 533 575 586 διὰ
601 534 665 585 τὰ
685 533 925 594 Νειλεύς,
961 533 1060 584 οὐκ
1081 530 1168 582 ἐπὶ
1185 536 1283 583 τοῦ
1317 533 1518 596 πατρὸς
1538 537 1636 587 τοῦ
1656 529 1942 597 Νέστοροςῖ
1958 531 2025 596 (¹¹¹)

81 609 166 674 μή
203 604 326 654 ἀπὸ
360 601 823 667 πρωτοτύπου,
864 599 960 649 διὰ
994 598 1056 649 τό
1092 599 1388 659 Ροιτειεύς,
1424 599 1701 666 Σιγειεύς,
1745 602 1827 648 eui
1863 600 2059 653 simil»

80 678 265 723 limum
308 666 564 722 Αινειεύς
606 668 898 733 Stephanus
952 682 993 716 S.
1037 664 1235 716 Αἴνεια
1264 674 1398 716 'non
1443 667 1647 716 dubitat
1698 664 2027 729 παράσημον

68 740 254 789 'dicere
288 733 374 785 ὅτι
403 734 477 798 μὴ
512 733 668 783 ἐνδεῖ
699 739 804 800 μιᾷ
849 733 1091 796 συλλαβῇ
1141 736 1241 781 τοῦ
1283 733 1638 797 πρωτοτύπου
1684 734 1756 788 ὥς
1799 732 2028 794 εἴπομεν

82 807 143 855 ἓν
176 810 242 866 τῇ
273 801 465 864 Αἰλίᾴ,
513 802 614 863 quo
649 802 788 860 loco,
823 802 869 848 si
902 799 1025 848 urbs
1060 798 1253 849 Αίλεια
1287 808 1524 857 vocetur,
1568 802 1795 849 incolam
1832 797 2026 852 Αἰλεύς

84 869 358 921 dicendum
393 882 509 923 esse
540 868 746 926 statuit,
789 874 848 915 ut
878 863 1207 928 Αντιοχεύς,
1262 864 1660 930 Αλεξανδρεύς,
1712 863 2025 923 Σελευκεύς,

82 937 383 1000 ibidemque
421 938 511 981 eur
544 931 796 999 Σιγειεύς
841 933 1059 980 totidem
1106 933 1296 980 habeat
1339 942 1465 995 quot
1499 933 1731 999 Σίγειον
1777 933 2024 994 syllabas,

82 1003 177 1051 sub
211 1002 309 1050 hac
338 1002 468 1064 ipsa,
488 1014 614 1047 voce
649 1015 704 1048 se
737 1000 1110 1062 explicaturum
1146 998 1383 1061 spondet.
1416 997 1611 1062 'Quam
1643 1007 1848 1062 partem
1884 1014 2043 1060 egre·v

54 1070 152 1133 >gii
187 1068 357 1132 operis
391 1066 495 1115 nisi
526 1065 729 1114 librarii
761 1066 1126 1123 resecuissent,
1188 1066 1419 1119 rationes
1456 1066 1567 1127 ejus
1609 1066 1795 1114 clarius
1827 1065 2026 1130 perspi-

81 1149 335 1193 ceremus;
370 1133 490 1196 Ipse
521 1132 730 1194 quidem
751 1130 1018 1185 Πλωθεύς
1053 1140 1105 1178 et
1127 1129 1446 1186 Πλωθειεύς
1479 1134 1537 1180 in
1573 1132 1811 1181 ordinem
1844 1133 2023 1189 refert,

82 1216 301 1265 quorum
350 1200 589 1262 exempla
633 1200 839 1261 collegit
879 1198 1206 1246 Schoemann
1250 1198 1318 1246 ad
1353 1199 1558 1247 Isaeum
1602 1215 1653 1263 p.
1700 1204 1812 1249 302.
1854 1200 2023 1247 solum

81 1276 254 1317 autem
291 1263 593 1319 Δεκελειεύς
625 1279 735 1313 non
769 1264 1022 1319 Δεκελεύς
1054 1266 1133 1327 (ut
1168 1263 1505 1329 Μαντινεύς)
1538 1265 1682 1329 ,(111οά
1717 1267 1883 1315 multo
1919 1266 2024 1313 fre-

82 1335 322 1397 quentius
358 1340 410 1379 et
438 1347 651 1395 prorsus
682 1332 751 1380 ad
783 1333 1155 1394 praescriptum
1201 1335 1232 1378 a
1265 1333 1533 1394 primitivo
1570 1332 1793 1386 Δέκελος
1829 1332 2023 1393 (Hero-

83 1401 165 1448 do.
201 1399 294 1447 IX.
327 1399 430 1462 13.)
461 1397 751 1445 derivatum
789 1397 882 1444 est.
953 1395 1120 1455 Quum
1154 1399 1312 1459 igitur
1345 1406 1596 1461 appareat
1615 1409 1667 1445 et
1684 1399 2022 1446 manifestum

81 1468 150 1515 sit
184 1472 378 1529 quanta
421 1466 490 1512 sit
525 1471 689 1512 artem
731 1465 871 1512 inter
915 1471 970 1510 et.
1008 1479 1157 1511 usmn
1197 1463 1477 1522 dissensio,
1540 1474 1757 1526 quaerat
1798 1466 2023 1513 fortasse

80 1533 365 1597 quispiam,
414 1538 685 1580 veteresne
721 1531 824 1593 ipsi
859 1529 1140 1592 aliquando
1179 1529 1379 1593 aliquid
1411 1531 2024 1595 negligentius-pronun-

79 1599 331 1646 ciaverint
372 1611 442 1644 an
484 1597 541 1643 hi
584 1596 859 1643 umbratici
903 1596 1139 1643 doctores
1189 1597 1392 1656 regulas
1444 1597 1695 1659 quasdam
1740 1599 2023 1646 commenti

79 1666 185 1713 sint
220 1665 380 1712 falsas
421 1662 773 1725 frivolasque?
840 1661 1096 1723 Equidem
1140 1662 1414 1725 utrumque
1456 1664 1570 1711 fieri
1616 1666 1849 1728 potuisse
1884 1664 2022 1712 arbi-

80 1740 189 1779 tror
222 1738 282 1777 ut
315 1737 367 1776 et
399 1729 505 1775 illis
541 1728 912 1790 dulcoriloquis
957 1727 1209 1775 exciderit
1251 1728 1450 1792 aliquid
1492 1731 1920 1789 immodulatum‚
1966 1738 2020 1778 et

77 1806 151 1856 ut,
182 1798 271 1859 qui
304 1796 497 1842 veteris
530 1796 859 1857 eloquentiae
889 1796 1217 1843 ¹monimenta
1250 1795 1316 1842 ad
1352 1797 1477 1843 artis
1498 1812 1736 1855 normam
1763 1799 2019 1861 regulam-

79 1879 178 1927 que
214 1861 603 1918 examinarunt,
655 1861 968 1909 morosiores
1010 1861 1208 1909 fuerint
1240 1876 1395 1925 quam
1429 1877 1639 1913 necesse
1674 1872 1798 1914 erat.
1865 1865 2017 1923 Vere,

78 1933 291 1993 opinor,
335 1928 534 1975 Gellius
561 1928 708 1974 XIII.
745 1934 826 1974 20.
861 1926 1152 1975 Homerum
1181 1930 1386 1988 judicat
1418 1945 1574 1991 quum
1609 1936 1790 1994 ψῆρας
1826 1931 2019 1979 diceret

77 2004 130 2046 et
163 2010 321 2060 quum
355 1996 579 2059 ψαρῶν,
619 2001 921 2057 „sequutum
957 2008 1070 2044 esse
1105 2010 1213 2043 non
1248 2011 1575 2046 communem
1626 1998 1718 2047 sed
1738 2000 2018 2063 ,propriam

74 2065 132 2113 in
166 2076 471 2127 quocunque
502 2061 645 2123 vocis
680 2063 785 2110 situ
808 2061 1190 2123 jucunditatem
1225 2071 1277 2111 et
1311 2065 1369 2112 in
1404 2066 1703 2114 universum
1736 2066 1879 2115 aliud
1912 2067 2032 2115 alio*

128 2237 173 2313 ᾖ)
192 2259 293 2303 Hoc
312 2260 497 2315 quid‘sit
515 2247 786 2316 intelligitur
805 2270 864 2302 ex
882 2257 1111 2317 Eustathii
1128 2258 1277 2302 verbis
1306 2273 1349 2313 p.
1371 2263 1493 2305 1681.
1513 2260 1594 2305 58.
1607 2283 1665 2295 —-
1696 2261 1837 2317 δηλοῖ
1854 2261 1879 2305 ὅ
1899 2267 2014 2318 ygni-

209 2322 310 2367 ψας
340 2314 565 2386 Τεχγικός
577 2313 629 2356 τό
651 2312 911 2382 Nesaeos-,Q
933 2313 1182 2373 διφθόγγφ
1204 2313 1296 2380 οὐχ
1318 2312 1342 2358 ὅ
1366 2316 1520 2373 πατὴρ
1550 2320 1635 2362 τοῦ
1660 2318 1895 2372 Νέστόρος
1917 2316 2010 2362 ἀλλ’

212 2367 237 2410 ὁ
261 2372 486 2422 Αττικος,
506 2384 562 2412 ου
584 2382 736 2427 γενικη
762 2371 958 2413 Νειλεω.
