2144 2816
106 279 591 347 ἐκλελεγμένοςνῐ.
637 280 749 327 208.
795 276 1045 338 ὁμοεοκές
1084 276 1158 333 ib.
1196 277 1307 323 156.
1357 274 1611 329 σύνδεσις
1652 249 1795 323 vm.
1830 278 1945 324 152.
1992 284 2070 343 et·

21 381 31 422 ι·
106 349 211 398 alia
255 350 392 397 dura
438 345 715 415 (σκληρά),
748 343 849 391 sibi
904 341 1073 390 videri
1124 343 1456 405 pronunciet,
1504 340 1825 407 ἀγχώμαλος
1868 349 2042 391 autem

104 416 166 463 V.
213 418 325 462 157.
374 421 425 461 et
468 411 752 463 ποτνίασις
793 408 883 455 VI.
918 411 1030 456 602.
1075 423 1258 472 aspera
1302 408 1567 472 (τραχέα)
1610 410 1919 457 sumendum
1965 418 2045 456 est

16 457 27 515 -3
104 480 185 528 his
216 480 514 529 nominibus
548 492 657 526 non
690 489 849 522 unum
884 475 1129 523 vitiorum
1178 490 1336 537 genus
1370 477 1544 523 notari
1578 474 1671 523 sed
1704 477 1855 540 plura
1889 484 2046 539 atque

106 562 168 598 ea
202 547 338 605 fere,
376 562 520 609 quae
542 551 746 595 nostras
782 557 932 591 aures
968 543 1080 591 sine
1114 543 1221 589 ulla
1256 544 1542 590 offensione
1579 543 2044 605 praeterlabuntur.

105 612 209 661 Sed
245 612 383 675 quod
417 611 643 661 Thomas
678 609 804 657 dicit
837 623 887 672 p.
925 609 1039 656 135.
1074 607 1154 655 ed.
1187 608 1426 656 Ritschel.
1460 608 1718 672 ἔρῤανται
1751 609 1815 660 οὐ
1853 609 2047 674 ρεραν-

102 696 200 727 υαι
234 681 311 742 (1)
348 677 443 726 διὰ
478 677 538 726 τὸ
576 674 971 740 εὐφωνότερον,
1007 674 1074 722 ad
1109 677 1373 736 augmenti
1406 690 1555 724 usum
1592 678 1803 725 atticum
1849 685 2047 740 spectat

105 753 158 791 et
191 744 331 808 quod
367 746 469 793 alio
504 745 616 792 leco
638 743 891 806 praecipit
917 756 967 805 p.
991 744 1102 789 159.
1139 740 1475 805 ἑταιρότερος
1512 740 1615 804 οὐχ
1650 739 1887 807 εὕρηται,
1923 741 2046 805 ἐμοὶ

107 810 295 859 δοκεῖν
330 811 425 859 διὰ
461 811 521 859 τὰ
557 810 654 860 οὐκ
690 809 968 873 εὔφωνον,
1014 807 1359 871 ἑταιρότατος
1382 807 1481 866 δέ,
1531 809 1588 856 id
1624 811 1669 856 si
1700 813 1786 860 vel
1815 812 2045 866 maxime

103 879 326 925 veritate
360 877 635 926 fundatum
673 883 832 933 esset,
895 882 1073 922 tamen
1106 890 1214 922 non
1250 890 1363 922 eam
1397 876 1504 923 vim
1541 875 1757 924 haberet
1790 885 1848 927 ut
1885 877 2045 926 Grae-

4 986 10 990 .
105 958 192 991 cos
228 959 258 991 a
290 943 554 992 vocabulis
601 943 858 1005 ejusmodi
898 941 1227 990 abhorruisse
1269 942 1606 990 crederemus.
1672 944 1755 991 De
1786 946 2045 1008 Sigmatis·

105 1011 180 1057 mi
223 1010 346 1071 fuga
378 1011 595 1059 Vossius
640 1010 708 1057 ad
740 1009 809 1057 H.
853 1009 912 1055 in
946 1007 1058 1056 Cer.
1097 1011 1209 1055 135.
1252 1010 1377 1055 scite
1420 1017 1473 1055 et
1514 1010 1775 1060 subtiliter
1819 1012 2044 1070 disserit,

14 1063 22 1125 f
103 1074 394 1125 Homerum
431 1084 483 1124 et
516 1088 935 1140 unumquemque
971 1074 1019 1121 ei
1053 1074 1376 1123 simillimum
1412 1081 1519 1123 tam
1556 1075 1787 1126 studiose
1822 1080 2046 1131 evitasse

106 1143 317 1200 sibilos,
364 1151 421 1190 ut
454 1159 623 1205 neque
659 1139 819 1206 φρεσὶ
859 1145 1008 1202 σῇσι,
1043 1156 1212 1204 neque
1249 1141 1458 1199 ἄλσεσι,
1511 1157 1680 1206 neque
1720 1148 2046 1209 σεσοφισμέ-

5 1215 22 1252 ’.
106 1226 199 1262 νος
232 1225 400 1272 neque
436 1209 717 1273 quidquam
758 1208 839 1257 his
873 1223 969 1271 par
1015 1215 1066 1255 et
1107 1208 1278 1256 simile
1320 1208 1680 1268 admitterent3
1746 1227 1878 1274 quae
1923 1217 2044 1263 scri-

8 1280 14 1284 ’
105 1276 250 1323 beuti
285 1275 420 1324 forte
456 1290 563 1323 non
600 1275 934 1323 occurrebant
967 1273 1230 1322 homerica
1263 1273 1544 1337 κρείσσοσι
1578 1276 1638 1323 ΙΙ.
1668 1276 1809 1326 ΧΧΙ.
1843 1282 1957 1328 486.
1994 1290 2047 1329 et

3 1348 21 1403 ‘fs
105 1339 396 1403 κελσάσῃσι
442 1341 537 1389 od.
572 1341 663 1390 IX.
700 1344 811 1388 149.
878 1339 1016 1387 Illud
1049 1341 1220 1402 ipsum
1259 1341 1650 1404 σεσοφισμένος
1682 1344 1871 1404 legitur
1905 1349 2045 1409 apud

0 1427 13 1465 4
105 1406 441 1469 Phocylidem
491 1406 645 1457 Nuth.
684 1409 797 1456 122.
853 1406 1109 1457 Plutarch.
1144 1406 1204 1455 V.
1248 1406 1442 1456 Lucull.
1478 1424 1517 1456 c.
1551 1407 1687 1459 XLI.
1719 1412 1831 1459 341.
1878 1410 2045 1464 Galen

107 1474 171 1522 de
204 1475 366 1539 Hipp.
401 1483 454 1522 et
485 1476 616 1522 Plat.
654 1475 786 1521 decr.
822 1474 891 1522 II.
924 1477 969 1520 5.
1002 1489 1053 1537 p.
1089 1477 1203 1522 245.
1244 1475 1302 1522 Τ.
1335 1474 1396 1522 V.
1433 1475 1503 1537 (p.
1544 1478 1622 1522 99.
1658 1474 1854 1541 Chart.)
1889 1479 2044 1545 Diog.

104 1540 275 1589 Laert.
318 1541 379 1588 V.
415 1544 494 1588 90.
540 1549 592 1588 et
636 1540 749 1590 hocs
775 1555 884 1588 non
925 1541 1090 1587 multo
1134 1542 1303 1587 lenius
1342 1539 1771 1603 νενοσφισμένος
1814 1545 1946 1595 Plut.
1981 1548 2043 1596 V.

105 1606 286 1670 Pomp.
323 1623 361 1654 c.
395 1606 483 1655 IV.
526 1621 696 1670 neque
730 1607 871 1655 illius
905 1607 1157 1664 aeolicae,
1210 1614 1268 1652 ut
1302 1607 1492 1654 Tzetza
1534 1616 1709 1667 vocat,
1778 1612 2043 1675 ecthlipsis

105 1674 382 1736 vestigium
416 1674 578 1722 ullum
615 1680 863 1738 superest.
930 1671 1006 1721 Ac
1024 1673 1068 1719 si
1103 1672 1240 1735 quod
1277 1673 1387 1734 ejus
1418 1674 1520 1721 fuit
1542 1674 1681 1738 apud
1717 1675 2042 1732 delicatiores

106 1754 255 1787 aures
277 1740 608 1797 desiderium,
630 1750 765 1787 certe
790 1741 1071 1787 necessitas
1094 1741 1250 1785 evicit
1271 1749 1327 1785 ut
1348 1740 1538 1801 ἄρσεσι
1550 1741 1731 1789 Aesch.
1745 1744 1914 1792 Prom.
1929 1744 2041 1796 948.

103 1803 302 1867 ἥσσοσι
321 1805 499 1869 Suppl.
516 1809 631 1854 484.
655 1805 842 1855 ἄστεσι
861 1804 990 1852 Plat.
1009 1804 1160 1866 Legg.
1180 1805 1247 1853 II.
1261 1808 1373 1854 666.
1392 1807 1451 1853 E.
1474 1806 1696 1869 πέρσαις
1713 1807 1805 1858 καὶ
1823 1814 2044 1878 περσίσι

101 1872 342 1936 Xenoph.
386 1872 503 1934 Cyr.
544 1872 687 1920 VIII.
732 1877 778 1920 5.
826 1874 904 1920 ll.
949 1869 1213 1933 ὀσμήσεσι
1255 1869 1347 1925 καὶ
1390 1872 1632 1938 ψαύσεσι
1672 1875 1877 1927 Aretae.
1925 1879 2041 1931 Cur,

104 1939 250 1985 Acut.
264 1941 363 1995 121.
378 1943 488 1987 189.
508 1938 834 1999 ὑποσχέσεσι
857 1938 1226 1995 Dem.346‚23.
1240 1939 1686 2005 Dionys.Antiqq.
1697 1943 1759 1991 V.
1776 1949 1854 1992 50.
1873 1947 2041 2010 ἔμφυ-

108 2002 298 2067 σήσεσι
319 2004 485 2054 Galen
510 2007 574 2054 de
586 2004 695 2054 Usu
706 2007 840 2056 Puls.
865 2020 904 2052 c.
918 2002 1034 2051 VII.
1051 2005 1161 2051 173.
1185 2004 1241 2051 T.
1255 2004 1314 2052 V.
1341 2006 1499 2068 (441.)
1522 2006 1850 2070 ἐκμασήσεσι
1870 2013 1926 2060 id
1939 2015 2041 2062 Eu-

104 2087 216 2134 por.
251 2072 318 2119 II.
350 2074 428 2119 10.
466 2076 579 2121 373.
610 2073 670 2121 Τ.
705 2072 841 2121 XIV.
878 2076 931 2117 et
973 2070 1168 2117 similia
1210 2073 1576 2134 reciperentur.
1644 2075 1850 2124 Literae
1901 2080 2041 2129 delta

101 2140 159 2186 in
197 2137 395 2186 duabus
432 2140 688 2188 continuis
724 2139 938 2199 syllabis
972 2144 1245 2192 concursus
1283 2146 1601 2200 quantopere
1634 2138 1900 2193 Technicis
1938 2136 2043 2195 dis-

103 2205 359 2267 plicuerit,
397 2206 523 2255 alibi
559 2204 851 2270 expositum
887 2209 988 2260 est3
1014 2202 1117 2268 ¹sed
1153 2218 1283 2266 quae
1318 2212 1496 2255 nostro
1525 2205 1724 2267 judicio
1752 2209 1889 2261 haud
1915 2228 2042 2277 pau-

160 2398 202 2449 1)
231 2394 628 2452 Καταρερασμένα
651 2394 807 2440 Galen.
829 2394 982 2451 Comp.
1003 2393 1123 2440 Med.
1145 2408 1231 2479 sec}
1251 2395 1389 2439 Loco.
1406 2393 1465 2440 11.
1485 2399 1579 2448 504.
1602 2409 1645 2443 et
1664 2403 1758 2445 521.
1781 2401 1834 2445 Τ.
1855 2402 1962 2457 XII.
1984 2407 2040 2450 K.
