2144 2816
940 124 1025 139 ....
1092 102 1258 161 6.-

134 236 366 302 Βορειοῖς
409 238 632 300 Dionys.
668 240 789 288 Per.
835 243 947 288 297.
992 242 1180 290 Joann.
1228 241 1413 305 Ecphr.
1450 244 1565 290 196.
1605 242 1776 291 Noun.
1811 244 1918 292 XL.
1965 248 2079 292 282.

131 305 323 357 XLIII.
360 308 473 355 235.
509 313 775 369 postremo
802 306 1035 370 Βοιβηίς
1069 308 1163 358 sed
1192 306 1427 370 Βοιβιᾶς
1461 324 1510 358 v.
1529 309 1792 358 Tzschuck
1822 310 1889 359 ad
1910 309 2079 361 Strab.

131 374 223 421 IX.
259 376 373 438 664.
418 387 551 435 quae
595 374 869 420 fortuitum
902 375 1199 438 essequod
1244 390 1356 437 cum
1399 376 1576 437 regula
1620 384 1927 438 congruant,
1991 377 2082 441 qui

130 439 232 488 sibi
264 438 604 502 persuadeat?
672 439 865 488 Verum
901 447 1078 489 tamen
1114 440 1407 503 Stephanus
1443 439 1647 496 Επειάς
1681 444 1733 490 et
1767 440 1957 497 Επειίς
1990 458 2083 507 pa-

130 507 259 554 riter
291 505 503 568 probat3
575 502 810 568 Εὐβοιίς
847 506 986 570 apud
1019 514 1201 570 poetas
1249 508 1437 570 legitur
1470 510 1680 571 saepius
1713 516 1764 556 et
1797 508 2080 573 Apollonio

130 570 365 626 Κυταιίς
395 587 563 636 nuper
606 587 673 621 ex
702 574 967 643 plerisque
1012 574 1161 622 libris
1203 574 1466 622 redditum
1509 582 1592 621 est
1632 589 1682 621 v.
1716 575 1864 623 Well.
1910 576 2080 639 ati-11.

128 642 246 692 399.
314 638 625 690 Hermanno
668 640 834 703 magis
878 639 950 690 ad
981 639 1185 703 Κυτηίς
1225 639 1585 704 propendente
1622 639 1779 705 Orph.
1814 641 1935 704 Arg.
1968 645 2080 691 824.

131 716 184 753 et
210 709 358 754 1009.
394 720 691 769 quanquam
727 709 868 754 idem
896 706 1163 761 Κυταιιάς
1189 708 1511 771 Euphoriom'
1536 707 1733 765 tribuit,
1770 707 1908 771 quod
1940 709 1985 754 si
2014 710 2083 756 ad

131 781 369 821 nostrum
406 787 617 823 sensum
652 774 945 832 referimuS,
981 776 1145 836 magis
1181 773 1446 822 blanditur
1482 772 1739 835 Κυτηιᾶς.
1809 773 2082 823 Sed-vete-

129 855 214 901 res
249 841 393 903 ipsos
429 840 534 886 alio
570 847 805 903 tempore
840 840 982 887 aliud
1016 841 1290 904 probasse,
1360 840 1463 888 nisi
1500 854 1581 888 res
1615 841 1731 903 ipsa
1764 852 1860 887 nos
1900 839 2081 889 admo-

85 947 87 949 .
130 914 281 955 neret
299 914 477 953 tamen
494 920 627 967 vaga
645 914 801 968 atqne
820 907 1125 954 inconstans
1139 908 1420 955 multorum
1441 905 1808 954 vocabulorum
1831 908 2084 969 scriptura

129 972 462 1037 perspicuum
497 971 755 1021 redderet.
823 971 1126 1021 Eustathius
1159 987 1210 1036 p.
1249 974 1374 1030 936,
1407 974 1490 1018 45.
1523 970 1579 1022 οἱ
1611 968 1858 1033 παλαιοὶ,
1879 974 2081 1036 inquit,

132 1039 354 1103 ῥήτορες
388 1036 663 1100 Αχαιικόν
711 1054 850 1102 φασι
884 1038 1006 1087 δεῖν
1039 1035 1276 1105 γράφειν
1323 1037 1394 1092 ὥς
1428 1033 1519 1086 κὰὶ
1548 1037 1836 1103 γυναιικόν
1871 1036 1963 1087 καὶ
1999 1038 2082 1088 δι-

132 1106 375 1166 καιικόν,
440 1108 497 1153 in
534 1120 636 1168 quo
682 1113 876 1169 quanta
909 1107 1135 1154 varietas
1179 1106 1272 1163 sit,
1343 1105 1467 1152 olim
1512 1106 1730 1167 exposui
1778 1105 1844 1152 ad
1889 1103 2080 1166 Phryn.

130 1188 184 1238 p.
222 1175 303 1221 39.
373 1171 477 1220 Sed
512 1169 845 1235 λυροποιική,
878 1170 1231 1235 αὐλοποιική,-
1265 1170 1605 1237 λογοποιική,
1644 1186 1776 1234 quae
1807 1172 2082 1222 confertim
2118 1199 2123 1206 ν

133 1243 376 1301 leguntur
411 1254 492 1301 ap.
528 1239 660 1286 Plat.
693 1239 921 1299 Euthyd.
964 1253 1014 1302 p.
1051 1243 1164 1287 289.
1211 1237 1265 1286 C.
1309 1239 1515 1300 aliaque
1556 1239 1798 1287 'similiter
1842 1247 2084 1289 contexta

133 1306 541 1369 reprehensione
576 1314 753 1353 carent
791 1305 1166 1369 dupliciterque
1211 1313 1349 1358 errat
1381 1305 1660 1365 Elmslejus
1693 1304 1759 1351 ad
1793 1304 1848 1352 H
1853 1307 1999 1353 eracl.
2033 1322 2081 1354 v.

137 1386 219 1436 84.
257 1391 308 1429 et
344 1381 484 1445 quod
517 1382 773 1429 feminina
806 1383 864 1429 in
893 1371 951 1436 ’Ξ
984 1382 1278 1431 desinentia
1312 1381 1522 1429 brevem
1557 1381 1788 1428 vocalem
1826 1390 1947 1429 ante
1981 1391 2083 1431 ter-

135 1450 479 1507 minationem
517 1447 802 1497 adsciscere
837 1457 1017 1511 negat,
1078 1448 1269 1497 oblitus
1300 1447 1562 1501 notissimi
1590 1448 1820 1518 nominis
1857 1447 2082 1505 Δαναΐς,

138 1537 190 1578 et
234 1526 375 1604 quo-d
415 1525 613 1573 Atticos
655 1524 1059 1588 diphthongum,
1129 1527 1272 1589 cujus
1324 1525 1653 1595 subjunctiva
1696 1525 1892 1573 vocalis
1940 1527 2008 1574 sit
2029 1516 2100 1585 ἶ,

136 1607 289 1655 alteri
326 1624 347 1652 ι
381 1618 644 1666 nunquam
680 1604 1015 1664 praemittere
1059 1602 1217 1650 edicit
1251 1616 1468 1664 eam-que
1508 1601 1572 1647 ob
1609 1614 1815 1648 causam
1849 1616 1943 1664 pro
1977 1601 2083 1652 Εὐ-

137 1670 290 1736 [fosit-
319 1669 614 1733 inauditnm
651 1666 875 1729 Εὐβωίς
908 1668 1205 1717 introducit.
1273 1668 1377 1716 Sed
1404 1668 1585 1724 Αἴαις,
1620 1665 1813 1723 δείευς,
1840 1667 2081 1727 ’σπείευς,

135 1747 341 1786 veteres
376 1736 643 1783 affirmant
675 1733 952 1798 repudiat-a
996 1748 1109 1781 esse
1145 1734 1239 1798 διὰ
1274 1733 1375 1795 τὴν
1410 1731 1765 1795 κακοφωνίαν
1799 1737 1891 1794 τῆς
1927 1734 2084 1783 ἔπαλ-

138 1816 320 1879 ᾏηλίας
354 1818 453 1863 τοῦ
490 1832 537 1871 ι,
592 1827 811 1876 quorum
846 1813 1073 1874 primum
1110 1810 1319 1859 easdem
1364 1812 1542 1858 literas
1587 1808 1767 1866 habet,
1823 1825 1949 1871 quas
1993 1813 2084 1859 ho-
2119 1842 2122 1845 v

135 1884 386 1935 mericum
420 1878 594 1943 Αιαίη
640 1878 799 1945 idque
842 1879 1015 1943 ipsum
1050 1877 1351 1927 Demetrius
1396 1875 1461 1925 de
1492 1875 1634 1924 Eloc.
1678 1890 1717 1922 c.
1755 1876 1834 1923 69.
1882 1884 2083 1928 tantum

136 1952 286 1999 abest
315 1957 373 1995 ut
405 1950 695 2010 vituperet,
731 1954 789 1992 ut
822 1946 956 1992 hanc
991 1942 1323 2010 σύγκρουσιν
1346 1941 1707 2007 ’φωνηέντων
1726 1940 1855 1987 adeo
1890 1961 2086 2004 μουσι-

135 2015 378 2080 κωτέραν
407 2013 631 2077 judicet3
683 2012 1002 2076 omninoque
1036 2013 1094 2060 in
1128 2010 1430 2060 nominibus
1456 2009 1618 2071 *vulgo
1654 2009 1871 2071 receptis
1907 2012 2084 2062 crebro

137 2087 238 2133 hae
274 2082 583 2147 diphthongi
605 2079 940 2136 colliduntur,
971 2078 1181 2142 μάιεία,
1220 2080 1524 2139 Βεροιαῖος,
1569 2078 1894 2133 Μαλειαῖος,-
1922 2095 2087 2139 laval-

143 2156 284 2206 αἴος,
357 2163 575 2212 quorum
608 2161 855 2194 numerus
900 2146 1117 2209 pluralis
1152 2147 1262 2193 iota
1297 2152 1376 2191 ter
1409 2145 1578 2190 iterat.
1656 2139 1835 2202 Neque
1870 2147 2087 2203 nomina

141 2219 316 2281 qualia
352 2223 473 2263 sunt
510 2213 686 2266 δείευς
714 2221 765 2259 et
802 2212 1031 2270 σπείευς,
1067 2212 1239 2259 aliena
1268 2211 1429 2257 fuisse
1462 2223 1491 2256 a
1524 2207 1834 2255 Graecorum
1874 2221 2087 2259 consue-

139 2295 323 2341 tudine
360 2292 670 2340 documento
704 2298 826 2336 sunt
860 2290 1045 2336 localia
1078 2304 1108 2335 a
1145 2286 1426 2351 primitivis
1469 2287 1523 2332 in
1569 2302 1653 2332 εια
1700 2294 1750 2332 et
1795 2303 1909 2335 ειυν
1952 2287 2087 2337 desi—

142 2360 385 2410 nentibus
422 2358 680 2408 derivata:
723 2355 1017 2414 Ροιτειεύς,
1066 2353 1371 2419 Ερικειεύς,
1421 2351 1756 2418 Σεῤῥιειεύς,
1794 2369 2086 2417 quanquam
