2144 2816
903 116 1207 160 ...5.-

0 301 3 309 ,
82 259 211 307 Lun.
249 272 288 305 c.
322 254 418 303 Ἦ.Γ
445 268 496 319 p.
533 257 611 303 35.
646 254 705 303 Τ.
737 251 886 303 xm.
926 250 1025 306 ἔξω
1059 238 1350 317 ’ξενεγκεῒγ
1385 222 1541 300 Arist.
1576 241 1930 299 Nubb.'1392.
1969 249 2034 297 de

0 310 6 409 i

82 334 195 386 quo'
219 324 418 380 literae,
450 329 508 369 ut
544 320 784 369 Ciceroni
816 317 1027 367 videtur
1058 318 1232 381 (Orat.
1270 335 1310 366 c.
1344 320 1460 381 45.)
1496 317 1740 385 vastioris
1778 325 1831 364 et
1863 331 1895 364 a
1931 315 2032 364 Ro-

72 390 250 437 manis
304 402 460 450 saepe
511 387 802 434 declinatae
852 385 1134 442 iteratione
1185 385 1319 433 nihil
1369 398 1466 432 nos
1513 382 1800 430 admonent
1844 381 2030 431 Gram-

76 456 279 512 matici,
348 455 452 503 nisi
496 452 636 515 quod
669 451 999 500 Masorethae
1028 450 1297 500 Homerici
1341 451 1658 500 adnotarunt
1701 449 1864 507 semel
1904 449 2030 512 poe·

76 529 183 569 tam
216 535 329 568 eam
364 520 522 582 primi
555 517 796 566 vocabuli
837 524 1151 575 extremam,
1204 517 1416 565 secundi
1450 517 1674 579 primam
1710 515 1897 564 fecisse
1933 532 2031 564 κα-

75 585 264 641 θάπαξ
292 583 444 645 ξείνῳ
483 584 578 633 Od.
611 584 777 634 XXl.'
798 586 912 632 349.
946 598 997 632 v.
1017 583 1252 632 Eustath.
1286 599 1338 648 p.
1361 585 1508 632 1912.
1534 585 1612 630 18.
1679 581 1852 646 Atque
1887 579 2029 630 haud

75 655 190 700 scio>
218 665 286 699 an
320 649 681 715 κεκακωκότες
728 650 859 698 Poll.
892 648 1037 698 VIII.
1058 653 1153 703 45.
1188 644 1709 713 προπεπηλακικότες
1743 647 1850 695 Dio
1882 647 2023 702 Cass.

72 718 366 767 XXXVIII.
404 721 482 765 34.
518 718 941 781 προκεκυηκυῖαι
975 715 1157 765 Soran.
1202 716 1266 764 de
1300 716 1453 765 Matr.
1497 731 1546 778 p.
1585 719 1665 763 54.
1710 729 1803 763 ore
1844 720 2025 764 rotun-

76 784 143 833 do
181 785 283 832 dici
316 798 424 832 non
458 786 687 847 possint3
723 783 853 831 mihi
890 782 1100 845 quidem
1137 784 1373 831 cacillare
1408 791 1461 830 et
1496 783 1733 830 cicurrire
1760 781 2021 831 videntur.

73 852 118 899 E
153 851 412 899 contrario
449 865 581 913 quae
623 849 779 897 nobis
822 850 1090 913 inculpata
1133 857 1254 898 sunt
1294 846 1758 911 unvergleichlich,
1825 865 2022 898 unauc-

67 917 322 975 bleoe‘blich‚
361 915 740 979 dreidraethig,
775 930 839 964 ea
866 917 912 963 si
947 916 1131 964 Graeci
1165 915 1421 975 audirent,
1457 915 1734 975 barbarum
1767 915 2020 979 quiddam

0 990 3 1024 Γ
69 1006 258 1042 sonare
300 993 555 1051 dicerent,
624 993 816 1056 quippe
863 999 1013 1040 extra
1053 994 1271 1041 nomina
1318 1008 1432 1041 cum
1478 1011 1581 1057 προ
1626 994 1913 1056 composita
1952 1002 2015 1041 ut

0 1087 3 1102 =
71 1058 407 1123 προπρηνής,
469 1059 642 1106 nullas
688 1059 959 1106 continuas
1005 1059 1234 1119 syllabas
1269 1058 1334 1108 ab
1369 1059 1556 1108 iisdem
1595 1058 1797 1108 duabus
1832 1074 2013 1108 conso-

67 1128 150 1174 nis
184 1126 428 1173 inducere
463 1126 629 1183 soliti;
681 1126 807 1188 quin
840 1125 1268 1173 etiavaomana
1302 1127 1520 1174 nomina
1553 1125 1810 1185 Κλοιλία,
1863 1128 2011 1174 Που-

0 1193 3 1225 ῑ
66 1191 300 1254 filij-coc,
353 1206 511 1254 quum
545 1192 976 1253 pronunciarent,
1026 1206 1135 1240 non
1168 1189 1349 1241 dubito
1384 1193 1511 1258 quin
1560 1207 1747 1256 sapore
1783 1191 2009 1257 quodam

0 1257 4 1312 ζ
64 1259 448 1323 peregrinitatis
483 1258 706 1306 contacti
740 1258 859 1306 sint.

202 1356 247 1423 ξ.
283 1363 328 1407 2.
397 1356 635 1407 Secundo
669 1358 784 1406 loco
817 1348 1025 1409 'vocales
1056 1373 1412 1424 percurremus
1438 1351 1656 1422 quarum
1694 1359 1760 1408 ob
1797 1374 2006 1409 concur-

64 1441 175 1473 sum
220 1427 517 1485 insuavem,
585 1433 644 1471 ut
690 1424 1029 1474 Grammatici
1072 1427 1336 1484 dictitant,
1404 1426 1658 1476 vocabula
1698 1428 1815 1489 ipsa
1849 1441 2007 1490 saepe

61 1493 337 1539 immutata
381 1499 524 1550 sunt,
592 1494 771 1556 ψῆρας
804 1506 900 1554 pro
934 1497 1142 1558 ψᾶρας,
1193 1501 1295 1554 quo
1324 1490 1577 1540 'Aelianus
1607 1493 1771 1543 utitur
1804 1492 1873 1541 H.
1903 1493 2002 1541 An.

60 1558 199 1606 XVI.
245 1561 290 1605 3.
336 1555 535 1620 ξηράνῃ
578 1571 674 1620 pro
721 1556 946 1629 &197in
1011 1573 1071 1606 ac
1119 1559 1271 1621 plura
1320 1556 1634 1618 hujusmodi.
1710 1559 1885 1619 Etym.
1928 1559 2000 1607 M.

58 1650 109 1697 p.
147 1637 284 1692 389„
339 1636 417 1682 13.
462 1632 530 1682 τὰ
576 1633 651 1687 εἷς
688 1626 1040 1693 «ἒν-ς’ἓθνικοὶς
1109 1633 1160 1682 εἰ
1205 1631 1310 1696 μὲν
1353 1633 1542 1695 ἔχουσι
1582 1634 2001 1702 προηγούμενον

61 1709 378 1773 σύμφωνον,
415 1710 489 1765 εἷς
521 1699 572 1764 ἷξ
606 1714 829 1759 ποιοῦσι
849 1710 910 1760 τὰ
929 1709 1188 1774 θηλυκὸν,
1220 1710 1608 1777 Αλεξανδρεύς,
1641 1713 1998 1778 Αλεξανδρίς,

56 1783 378 1848 Αντιοχεύς,
415 1786 708 1848 Αντιοχίς·
741 1787 791 1835 εἷ
810 1787 871 1837 δὲ
891 1792 1125 1853 φωνῆεν,
1162 1787 1237 1842 εἷς
1265 1775 1348 1846 α-ς,
1370 1788 1579 1847 ΑΙλιεύς,
1612 1788 1996 1846 ·Ῑλιᾶς··οὕτως

0 1892 8 1898 .
60 1857 226 1915 Ωρος·
262 1853 291 1902 ὁ
324 1851 386 1901 δὲ
420 1852 792 1920 γραμματικὸς
826 1854 1122 1918 Σωκράτης
1158 1853 1449 1921 ἀντιλέγει,
1484 1855 1614 1905 ἰδοῦ
1645 1855 1707 1907 τὸ
1744 1856 1996 1920 Εὐβοεύς

56 1920 468 1985 προηγούμενον
504 1921 614 1982 ἔχει
648 1919 740 1969 καὶ
774 1919 923 1971 ἔστιν
956 1919 1193 1984 Εύβοΐς·
1251 1922 1371 1971 Am:
1409 1923 1557 1973 ἔστιν
1602 1922 1902 1990 εἰπεῒνκὸτι
1931 1925 1993 1976 τὸ

53 1996 225 2052 Ιλιεύς
260 1994 352 2047 καὶ
383 1996 653 2075 Πηλιεύέζ
667 1998 852 2063 ἐπειδὴ
884 1997 945 2049 τὰ
966 1988 1016 2048 ’ἶ
1036 1999 1164 2062 ἔχει,
1199 1998 1294 2050 ἳνα
1323 1999 1401 2065 μὴ
1438 2001 1640 2066 εὑρεθῇ
1675 1996 1997 2067 ἀλλεπάλλη-

53 2080 175 2134 λον,
201 2074 429 2151 ’ἕγέν-ετο
466 2075 540 2131 εἰς
577 2095 654 2135 ας,
689 2074 754 2127 τὰ
788 2074 849 2126 δὲ
888 2075 1165 2141 Εύβοεύς’,
1198 2077 1384 2141 ἐπειδὴ
1421 2077 1521 2129 οὐκ
1554 2081 1666 2142 ἔχει
1701 2079 1763 2131 τὸ
1802 2100 1848 2140 ι,
1884 2081 1995 2149 ἐγέ-

51 2170 174 2201 νετο
218 2154 291 2207 εἰς
327 2173 389 2208 ις.
460 2157 646 2219 ltaque
681 2152 897 2217 Ροιτηΐς
932 2155 1142 2218 quidem
1176 2156 1394 2219 legimus
1430 2155 1605 2215 Quint.
1637 2156 1746 2206 Cal.
1779 2159 1842 2208 V.
1877 2164 1991 2210 654.

50 2219 226 2281 Antip.
275 2220 382 2269 Sid.
417 2221 571 2270 LXV.
606 2221 850 2285 idemque
887 2220 1151 2285 Stephano
1188 2238 1226 2270 s.
1266 2223 1519 2284 Ροίτειον
1550 2224 1877 2291 reddendum
1912 2230 1992 2276 vi·

51 2285 200 2333 detur
241 2301 337 2349 pro
379 2287 585 2347 Ροιτίς,
654 2287 747 2336 sed
790 2287 1036 2344 Ροιτειάς
1080 2290 1364 2354 Tryphi'od.
1416 2294 1528 2340 216.
1582 2291 1786 2357 Βορηΐς
1818 2293 1989 2345 Nonn.

47 2352 294 2403 XXXIII.
330 2357 443 2404 211.
490 2371 522 2405 a
564 2357 889 2405 nominativo
928 2356 1134 2422 Βορεύς
1169 2366 1227 2406 ut
1266 2357 1489 2421 Θησηῒς,
1542 2359 1732 2422 Οινηίς
1767 2369 1859 2411 etc.
1894 2362 1987 2412 sed
